
@article{Topf08Structure16p295,
	author = {Topf, Maya and Lasker, Keren and Webb, Ben and Wolfson, Haim and Chiu, Wah and Sali, Andrej},
	date = {2008/02/12},
	doi = {10.1016/j.str.2007.11.016},
	journal = {Structure},
	number = {2},
	pages = {295--307},
	publisher = {Elsevier},
	title = {Protein Structure Fitting and Refinement Guided by Cryo-EM Density},
	url = {https://doi.org/10.1016/j.str.2007.11.016},
	volume = {16},
	year = {2008}
	}

@article{Boeckers06CellandTissuep409,
	author = {Boeckers, T.  M. },
	date = {2006/11/01},
	doi = {10.1007/s00441-006-0274-5},
	id = {Boeckers2006},
	isbn = {1432-0878},
	journal = {Cell and Tissue Research},
	number = {2},
	pages = {409--422},
	title = {The postsynaptic density},
	url = {https://doi.org/10.1007/s00441-006-0274-5},
	volume = {326},
	year = {2006}
	}


@article{Devos06PNAS103p2172,
	author = {Devos, Damien and Dokudovskaya, Svetlana and Williams, Rosemary and Alber, Frank and Eswar, Narayanan and Chait, Brian T. and Rout, Michael P. and Sali, Andrej},
	doi = {10.1073/pnas.0506345103},
	journal = {PNAS},
	number = {7},
	pages = {2172--2177},
	publisher = {Proceedings of the National Academy of Sciences},
	title = {Simple fold composition and modular architecture of the nuclear pore complex},
	type = {doi: 10.1073/pnas.0506345103},
	volume = {103},
	year = {2006}
	}


@article{Alber07Nature450p695,
	author = {Alber, Frank and Dokudovskaya, Svetlana and Veenhoff, Liesbeth M. and Zhang, Wenzhu and Kipper, Julia and Devos, Damien and Suprapto, Adisetyantari and Karni-Schmidt, Orit and Williams, Rosemary and Chait, Brian T. and Sali, Andrej and Rout, Michael P.},
	doi = {10.1038/nature06405},
	journal = {Nature},
	number = {7170},
	pages = {695--701},
	title = {The molecular architecture of the nuclear pore complex},
	volume = {450},
	year = {2007}
}


@article{Devos04PLOSBiology2p380,
	author = {Devos, Damien and Dokudovskaya, Svetlana and Alber, Frank and Williams, Rosemary and Chait, Brian T and Sali, Andrej and Rout, Michael P},
	journal = {PLOS Biology},
	number = {12},
	pages = {e380--},
	title = {Components of Coated Vesicles and Nuclear Pore Complexes Share a Common Molecular Architecture},
	volume = {2},
	year = {2004}
}

@article{Polo11GenesDev25p409,
	author = {Polo, Sophie E. and Jackson, Stephen P.},
        title={Dynamics of DNA damage response proteins at DNA breaks:focus on protein modifications.},
        journal = {Genes Dev.}, 
        year = {2011},
        volume = {25},
        number={5},
        pages = {409--433},
        doi={10.1101/gad.2021311}
}

@Article{Geiger01NatRevMolCellBiol2p793,
author={Geiger, Benjamin
and Bershadsky, Alexander
and Pankov, Roumen
and Yamada, Kenneth M.},
title={Transmembrane crosstalk between the extracellular matrix and the cytoskeleton},
journal={Nat. Rev. Mol. Cell Biol.},
year={2001},
volume={2},
number={11},
pages={793-805},
doi={10.1038/35099066}
}

@article{Mishra21CellSignal85p110046,
title = {Focal adhesion dynamics in cellular function and disease},
journal = {Cell. Signal.},
volume = {85},
pages = {110046},
year = {2021},
doi = {https://doi.org/10.1016/j.cellsig.2021.110046},
author = {Yasaswi Gayatri Mishra and Bramanandam Manavathi},
}

@Article{Stahl23NatBiotechnol41p1810,
author={Stahl, Kolja
and Graziadei, Andrea
and Dau, Therese
and Brock, Oliver
and Rappsilber, Juri},
title={Protein structure prediction with in-cell photo-crosslinking mass spectrometry and deep learning},
journal={Nat. Biotechnol.},
year={2023},
volume={41},
number={12},
pages={1810-1819},
doi={10.1038/s41587-023-01704-z}
}

@article{Rieping05Science309p303,
author = {Wolfgang Rieping  and Michael Habeck  and Michael Nilges },
title = {Inferential Structure Determination},
journal = {Science},
volume = {309},
number = {5732},
pages = {303-306},
year = {2005},
doi = {10.1126/science.1110428}
}
